01REMESSA01COBRANÇA       20002012512562      PURILIMP PRODUTOS DE LIMPEZA E756BANCOOBCED     0303220000488                                                                                                                                                                                                                                                                                               000001
1021654910500013420002002000005000000488                      0000000048880100       0000000000000000    20101          060322000000001700075620002010030322000000000000000020000000000000000000900000000000000000000000000100015462419651PEDRO PESSOA                            RUA MACHACALIS                       FONTE GRANDE   32013310CONTAGEM       MG                                        90 000002
9                                                                                                                                                                                                                                                                                                                                                                                                         000003