75600000         216549105000134                    02000200000020000050PURILIMP PRODUTOS DE LIMPEZA ESICOOB                                  10203202209593700048608100000                                                                     
75600011R01  040 2016549105000134                    0200020000002000005 PURILIMP PRODUTOS DE LIMPEZA E                                                                                000004860203202200000000                                 
7560001300001P 010200020000002000005 000000486301014     1562160 22486            0503202200000000000800000000 02N02032022205032022000000000000960000000000000000000000000000000000000000000000000000000CONTRATO 32156           1900   090000000000 
7560001300002Q 011000015462419651PEDRO PESSOA                            RUA MACHACALIS                          FONTE GRANDE   32013310CONTAGEM       MG0000000000000000                                        000                            
7560001300003R 01000000000000000000000000000000000000000000000000205032022000000000000800                                                                                                              0000000000000000 000000000000  0         
7560001300004S 013APOS VENC. MORA 0,03%/DIA E MULTA 2,00% NAO CONCEDER DESCONTO                   SUJEITO A PROTESTO APOS O VENCIMENTO    PURILIMP PRODUTOS DE LIMPEZA E HIGIENE L                                                              
75600015         00000600000000000000000000000000000000000000000000000000000000000000000000000000000000000000000000                                                                                                                             
75699999         000001000008000000                                                                                                                                                                                                             
