02RETORNO01COBRANÇA       31540000399094202096PURILIMP PRODUTOS DE LIMPEZA E756 - BANCOOB S/A 0802180000001                                                                                                                                                                                                                                                                                               000001
1021654910500013431540000202096000000                         00000000355701000000DM 00000000000000000000 010207021826                            130218000000004224700000000010000000000000000000000000000000000000000000000000000000000000000000000000000000000000000000000000000000000000000000000000000000000000000000000010000000000000          1519719300019000000000000000000000000000000000000000000002
1021654910500013431540000202096000000                         00000000356401000000DM 00000000000000000000 010207021829                            130218000000018396600000000010000000000000000000000000000000000000000000000000000000000000000000000000000000000000000000000000000000000000000000000000000000000000000000000010000000000000          1044097800012800000000000000000000000000000000000000000003
1021654910500013431540000202096000000                         00000000301001000000DM 00000000000000000000 0106070218659-01                        120218000000008800000122370990702180000350000000000000000000000000000000000000000000000000000000000000000000000000088000000000000000000000000000000000000000000000000000000010000000000000          1860207800014100000000000000000000000000000000000000000004
1021654910500013431540000202096000000                         00000000354001000000DM 00000000000000000000 010606021822                            060218000000006990775640330010602180000350000000000000000000000000000000000000000000000000000000000000000000000000069907000000000000000000000000000000000000000000000000000010000000000000          1044097800012800000000000000000000000000000000000000000005
9027563154SICOOB CREDIPATOS        PRAÇA DONA FILOMENA                               CENTRO                        38720000LAGOA FORMOSA                 MG080220180000000400000000306                                                                                                                                                                                                                    000006
