01REMESSA01COBRANÇA       31540000399094      PURI LIMP PRODUTOS DE LIMPEZA 756BANCOOBCED     0203220000817                                                                                                                                                                                                                                                                                               000001
1021654910500013431540000202096000000                         0000000278210100       0000000000000000    201013137      020422000000004150075631540010020322010106000002000020000000000000000000900000000000000000000000000100000861836642EDILSON JOSE FERNANDES                  FAZENDA MONJOLINHO, 0                ZONA RURAL     38720000Lagoa Formosa  MGVenda Nº 12704 pgto SICOOB              00 000002
1021654910500013431540000202096000000                         0000000278460100       0000000000000000    201013139      250322000000002037075631540010020322010106000002000020000000000000000000900000000000000000000000000100023921765668JOSE GONCALVES DE OLIVEIRA E OUTRO(S)   FAZENDA LANHOSOS E BARREIRO,         ZONA RURAL     03870999Patos de Minas MGRenegociação de Contas                  00 000003
1021654910500013431540000202096000000                         0000000278140100       0000000000000000    201013136      230322000000001124175631540010020322010106000002000020000000000000000000900000000000000000000000000206234206000162MINE MERCADO CAROLINA                   R Octavio Borges, 12 ********        Caicaras       38702104Patos de Minas MGVenda Nº 12703 pgto SICOOB              00 000004
9                                                                                                                                                                                                 PROTESTAR APÓS 10 DIAS DE VENCIDOAPÓS O VENCIMENTO COBRAR:MULTA DE 2%MORA DE 0, 20%  AO DIA                                                                                                             000005
